[gd_scene load_steps=7 format=2]

[ext_resource path="res://resources/assets/fonts/PoetsenOne-Regular.ttf" type="DynamicFontData" id=1]
[ext_resource path="res://scenes/ui/button.gd" type="Script" id=2]
[ext_resource path="res://scenes/ui/pause_menu/pause_menu.gd" type="Script" id=3]

[sub_resource type="DynamicFont" id=1]
size = 40
outline_size = 6
outline_color = Color( 0, 0, 0, 0 )
font_data = ExtResource( 1 )

[sub_resource type="DynamicFont" id=2]
size = 40
outline_size = 6
outline_color = Color( 0, 0, 0, 0 )
font_data = ExtResource( 1 )

[sub_resource type="DynamicFont" id=3]
size = 40
outline_size = 6
outline_color = Color( 0, 0, 0, 0 )
font_data = ExtResource( 1 )

[node name="PauseMenu" type="CanvasLayer"]
layer = 3
script = ExtResource( 3 )
resume_button = NodePath("VBoxContainer/Resume/Button")
quit_to_main_menu_button = NodePath("VBoxContainer/QuitToMainMenu/Button")
quit_button = NodePath("VBoxContainer/Quit/Button")

[node name="ColorRect" type="ColorRect" parent="."]
anchor_right = 1.0
anchor_bottom = 1.0
color = Color( 0, 0, 0, 0.435294 )
__meta__ = {
"_edit_use_anchors_": false
}

[node name="VBoxContainer" type="VBoxContainer" parent="."]
anchor_left = 0.5
anchor_top = 0.5
anchor_right = 0.5
anchor_bottom = 0.5
margin_left = -188.5
margin_top = -50.0
margin_right = 188.5
margin_bottom = 50.0
alignment = 1
__meta__ = {
"_edit_use_anchors_": false
}

[node name="Resume" type="Label" parent="VBoxContainer"]
margin_right = 377.0
margin_bottom = 48.0
custom_fonts/font = SubResource( 1 )
text = "RESUME"
align = 1
script = ExtResource( 2 )

[node name="Button" type="Button" parent="VBoxContainer/Resume"]
modulate = Color( 1, 1, 1, 0 )
anchor_right = 1.0
anchor_bottom = 1.0
__meta__ = {
"_edit_use_anchors_": false
}

[node name="QuitToMainMenu" type="Label" parent="VBoxContainer"]
margin_top = 52.0
margin_right = 377.0
margin_bottom = 100.0
custom_fonts/font = SubResource( 2 )
text = "QUIT TO MAIN MENU"
align = 1
script = ExtResource( 2 )

[node name="Button" type="Button" parent="VBoxContainer/QuitToMainMenu"]
modulate = Color( 1, 1, 1, 0 )
anchor_right = 1.0
anchor_bottom = 1.0
__meta__ = {
"_edit_use_anchors_": false
}

[node name="Quit" type="Label" parent="VBoxContainer"]
margin_top = 104.0
margin_right = 377.0
margin_bottom = 152.0
custom_fonts/font = SubResource( 3 )
text = "QUIT"
align = 1
script = ExtResource( 2 )

[node name="Button" type="Button" parent="VBoxContainer/Quit"]
modulate = Color( 1, 1, 1, 0 )
anchor_right = 1.0
anchor_bottom = 1.0
__meta__ = {
"_edit_use_anchors_": false
}
